%% ----------------------------------------------------------------------
%%    Examples of common entries
%% ----------------------------------------------------------------------

@article{example-article,
    author = {I. Surname and I. Surname and I. Surname},
    title = {The Title of the Article},
    journal = {The Title of the Journal},
    volume = {1},
    number = {2},
    pages = {123-456},
    year = {2000},
    note = {}
}

@book{example-book,
    author = {I. Surname and I. Surname and I. Surname},
    title = {The Title of the Book},
    publisher = {Publisher},
    year = {2000},
    edition = {8th ed.},
    address = {City, State or Country},
    note = {}
}

@online{example-website,
    author = {{Website Name} <OR> I. Surname and I. Surname and I. Surname},
    title = {Title of the Website},
    url = {https://example.com},
    urldate = {2020-12-24},
    year = {2000}
}

%% ----------------------------------------------------------------------
%%    Start of bibliography
%% ----------------------------------------------------------------------

@book{handson-ml,
  author    = {Aurelien Geron},
  title     = {Hands-On Machine Learning with Scikit-Learn, Keras, and TensorFlow},
  subtitle  = {Concepts, Tools, and Techniques to Build Intelligent Systems},
  edition   = {3rd ed.},
  year      = {2022},
  publisher = {O'Reilly Media, Inc.},
  isbn      = {978-1-491-96465-8},
  url       = {https://www.oreilly.com/library/view/hands-on-machine-learning/9781492032632/}
}


@online{bart-large-mnli,
  author    = {{Facebook AI}},
  title     = {facebook/bart-large-mnli},
  year      = {2025},
  url       = {https://huggingface.co/facebook/bart-large-mnli},
  urldate   = {2025-05-08}
}


@online{sentence-transformers,
  author    = {{Hugging Face}},
  title     = {sentence-transformers/all-MiniLM-L6-v2},
  year      = {2025},
  url       = {https://huggingface.co/sentence-transformers/all-MiniLM-L6-v2},
  urldate   = {2025-05-08}
}


@online{faiss,
  author    = {Meta AI},
  title     = {FAISS Facebook AI Similarity Search},
  year      = {2025},
  url       = {https://faiss.ai/},
  urldate   = {2025-05-08}
}


@dataset{7k-books,
  author    = {Dylan Castillo},
  title     = {7k Books with Metadata},
  year      = {2025},
  month     = {5},
  publisher = {Kaggle},
  url       = {https://www.kaggle.com/datasets/dylanjcastillo/7k-books-with-metadata}
}

@article{mikolov2013efficient,
  title={Efficient Estimation of Word Representations in Vector Space},
  author={Mikolov, Tomas and Chen, Kai and Corrado, Greg and Dean, Jeffrey},
  journal={arXiv preprint arXiv:1301.3781},
  year={2013}
}

@inproceedings{pennington2014glove,
  title={GloVe: Global Vectors for Word Representation},
  author={Pennington, Jeffrey and Socher, Richard and Manning, Christopher D.},
  booktitle={Proceedings of the 2014 Conference on Empirical Methods in Natural Language Processing (EMNLP)},
  pages={1532--1543},
  year={2014},
  organization={Association for Computational Linguistics}
}

@inproceedings{vaswani2017attention,
  title={Attention Is All You Need},
  author={Vaswani, Ashish and Shazeer, Noam and Parmar, Niki and Uszkoreit, Jakob and Jones, Llion and Gomez, Aidan N. and Kaiser, Łukasz and Polosukhin, Illia},
  booktitle={Advances in Neural Information Processing Systems},
  volume={30},
  year={2017}
}

@inproceedings{reimers2019sentencebert,
  title={Sentence-BERT: Sentence Embeddings using Siamese BERT-Networks},
  author={Reimers, Nils and Gurevych, Iryna},
  booktitle={Proceedings of the 2019 Conference on Empirical Methods in Natural Language Processing},
  pages={3982--3992},
  year={2019},
  organization={Association for Computational Linguistics}
}

@article{williams2018broad,
  title={A Broad-Coverage Challenge Corpus for Sentence Understanding through Inference},
  author={Williams, Adina and Nangia, Nikita and Bowman, Samuel R.},
  journal={arXiv preprint arXiv:1704.05426},
  year={2018}
}

@article{johnson2019billion,
  title={Billion-scale similarity search with GPUs},
  author={Johnson, Jeff and Douze, Matthijs and Jégou, Hervé},
  journal={IEEE Transactions on Big Data},
  volume={7},
  number={3},
  pages={535--547},
  year={2021},
  publisher={IEEE}
}
