%% ----------------------------------------------------------------------
%%    Examples of common entries
%% ----------------------------------------------------------------------

@article{example-article,
    author = {I. Surname and I. Surname and I. Surname},
    title = {The Title of the Article},
    journal = {The Title of the Journal},
    volume = {1},
    number = {2},
    pages = {123-456},
    year = {2000},
    note = {}
}

@book{example-book,
    author = {I. Surname and I. Surname and I. Surname},
    title = {The Title of the Book},
    publisher = {Publisher},
    year = {2000},
    edition = {8th ed.},
    address = {City, State or Country},
    note = {}
}

@online{example-website,
    author = {{Website Name} <OR> I. Surname and I. Surname and I. Surname},
    title = {Title of the Website},
    url = {https://example.com},
    urldate = {2020-12-24},
    year = {2000}
}

%% ----------------------------------------------------------------------
%%    Start of bibliography
%% ----------------------------------------------------------------------

@book{handson-ml,
  isbn = {978-1-491-96465-8},
  url = {https://www.oreilly.com/library/view/hands-on-machine-learning/9781492032632/},
  title = {Hands-On Machine Learning with Scikit-Learn, Keras, and TensorFlow},
  subtitle = {Concepts, Tools, and Techniques to Build Intelligent Systems},
  author = {Geron, Aurelien},
  publisher = {O'Reilly Media, Inc.},
  year = {2022},
  edition = {3nd ed.}
}

@dataset{7k-books,
  author = {Castillo, Dylan},
  date = {2025-05-08},
  title = {7k Books},
  publisher = {Kaggle},
  url = {https://www.kaggle.com/datasets/dylanjcastillo/7k-books-with-metadata}
}

@online{sentence-transformers,
  title = {sentence-transformers/all-MiniLM-L6-v2},
  url = {https://huggingface.co/sentence-transformers/all-MiniLM-L6-v2},
  urldate = {2025-05-08}
}

@online{faiss,
  title = {FAISS},
  url = {https://faiss.ai/},
  urldate = {2025-05-08}
}